<?xml version="1.0" encoding="UTF-8"?><record xmlns="http://www.loc.gov/MARC21/slim" xmlns:cinclude="http://apache.org/cocoon/include/1.0" xmlns:zs="http://www.loc.gov/zing/srw/">
  <leader>00536nz  a2200145n  4500</leader>
  <controlfield tag="001">n  91091253 </controlfield>
  <controlfield tag="003">DLC</controlfield>
  <controlfield tag="005">19910921121548.9</controlfield>
  <controlfield tag="008">910909n| acannaab|          |a aaa |||  </controlfield>
  <datafield tag="010" ind1=" " ind2=" ">
    <subfield code="a">n  91091253 </subfield>
  </datafield>
  <datafield tag="040" ind1=" " ind2=" ">
    <subfield code="a">DLC</subfield>
    <subfield code="c">DLC</subfield>
  </datafield>
  <datafield tag="100" ind1="1" ind2="0">
    <subfield code="a">Siegel, P.</subfield>
    <subfield code="q">(Pierre)</subfield>
  </datafield>
  <datafield tag="500" ind1="1" ind2="0">
    <subfield code="a">Siegel, Pierre</subfield>
  </datafield>
  <datafield tag="670" ind1=" " ind2=" ">
    <subfield code="a">European Conference ECSQAU (1991 : Marseille, France). Symbolic and quantitative approaches to uncertainty, c1991:</subfield>
    <subfield code="b">CIP t.p. (P. Siegel) t.p. verso (Pierre Siegel; EIRP-UniversiteĚ de Provence, Marseille, France)</subfield>
  </datafield>
  <datafield tag="675" ind1=" " ind2=" ">
    <subfield code="a">WW France, 1990-91</subfield>
  </datafield>
</record>